% This file was created with JabRef 2.5.
% Encoding: Cp1252

@INPROCEEDINGS{BRW12,
  author = {G. Bailly and J. Muller and M. Rohs and D. Wigdor and S. Kratz},
  title = {ShoeSense: A New Perspective on Hand Gestures and Wearable Applications},
  booktitle = {ACM SIGCHI},
  year = {2012},
  owner = {alinen},
  timestamp = {2013.04.15}
}

@MISC{CYB,
  author = {Cyberglove},
  title = {Cyberglove Systems: http://www.cyberglovesystems.com/},
  year = {2013},
  owner = {alinen},
  timestamp = {2013.04.15}
}

@ARTICLE{EBN07,
  author = {A. Erol and G. Bebis and M. Nicolescu and R. D. Boyle and X. Twombly},
  title = {Vision-based hand pose estimation: A review},
  journal = {Computer Vision and Image Understanding},
  year = {2007},
  volume = {108,1-2},
  pages = {52-57},
  owner = {alinen},
  timestamp = {2013.04.15}
}

@ARTICLE{FYL13,
  author = {Z. Feng and B. Yang and Y Li and Y. Zheng and X. Zhao and J. Yin
	and Q. Meng},
  title = {Real-time oriented behavior-driven 3D freehand tracking.},
  journal = {Pattern Recognition},
  year = {2013},
  volume = {46,2},
  pages = {590-608},
  owner = {alinen},
  timestamp = {2013.04.15}
}

@ARTICLE{HRM12,
  author = {L. Hovet and K. Ryall and R. McDonnell and C. O'Sulllivan},
  title = {Sleight of hand: perception of finger motion from reduced marker
	sets},
  journal = {Proceedings of the ACM SIGGRAPH Symposium on Interactive 3D Graphics
	and Games},
  year = {2012},
  volume = {79-86,2},
  owner = {alinen},
  timestamp = {2013.04.15}
}

@ARTICLE{KHI12,
  author = {D. Kim and O. Hilliges and S. Iazddi and A. Butler and J. Chen and
	I. Oikonomidis and P. Oliver},
  title = {Digits: Free 3D Interactions Anywhere Using a Wrist-Worn Gloveless
	Sensor Dithered color quantization},
  journal = {ACM UIST},
  year = {2012},
  pages = {167-176},
  owner = {alinen},
  timestamp = {2013.04.15}
}

@MISC{LEA,
  author = {{Leap Motion}},
  title = {Leap Motion, Inc.: http://www.leapmotion.com/product},
  year = {2013},
  owner = {alinen},
  timestamp = {2013.04.15}
}

@ARTICLE{LK95,
  author = {J. Lee and L. Kunii},
  title = {Model-based Analysis of Hand Posture},
  journal = {IEEE CG\&A},
  year = {1995},
  volume = {15,5},
  pages = {77-86},
  owner = {alinen},
  timestamp = {2013.04.15}
}

@MISC{VIC,
  author = {Vicon},
  title = {Vicon Motion Capture Systems: http://www.vicon.com/},
  year = {2013},
  owner = {alinen},
  timestamp = {2013.04.15}
}

@ARTICLE{ZCX12,
  author = {W. Zhao and J. Chai and Y. Xu},
  title = {Combining Marker-based Mocap and RGB-D Camera for Acquiring High-fidelity
	Hand Motion Data.},
  journal = {ACM SIGGRAPH},
  year = {2012},
  pages = {33-42},
  owner = {alinen},
  timestamp = {2013.04.15}
}

