% This file was created with JabRef 2.5.
% Encoding: Cp1252

@MISC{LeapDev,
  author = {Leap Developer Portal (https://www.leapmotion.com/developers)},
  owner = {alinen},
  timestamp = {2013.04.17}
}

@INPROCEEDINGS{BRW12,
  author = {G. Bailly and J. Muller and M. Rohs and D. Wigdor and S. Kratz},
  title = {ShoeSense: A New Perspective on Hand Gestures and Wearable Applications},
  booktitle = {ACM SIGCHI},
  year = {2012},
  owner = {alinen},
  timestamp = {2013.04.15}
}

@MISC{CYB,
  author = {Cyberglove},
  title = {Cyberglove Systems: http://www.cyberglovesystems.com/},
  year = {2013},
  owner = {alinen},
  timestamp = {2013.04.15}
}

@ARTICLE{EBN07,
  author = {A. Erol and G. Bebis and M. Nicolescu and R. D. Boyle and X. Twombly},
  title = {Vision-based hand pose estimation: A review},
  journal = {Computer Vision and Image Understanding},
  year = {2007},
  volume = {108,1-2},
  pages = {52-57},
  owner = {alinen},
  timestamp = {2013.04.15}
}

@ARTICLE{FYL13,
  author = {Z. Feng and B. Yang and Y Li and Y. Zheng and X. Zhao and J. Yin
	and Q. Meng},
  title = {Real-time oriented behavior-driven 3D freehand tracking.},
  journal = {Pattern Recognition},
  year = {2013},
  volume = {46,2},
  pages = {590-608},
  owner = {alinen},
  timestamp = {2013.04.15}
}

@INPROCEEDINGS{Hanke04HamNoSys,
  author = {T. Hanke},
  title = {HamNoSys - representing sign language data in language resources
	and language processing contexts},
  booktitle = {LREC 2004, Workshop proceedings : Representation and processing of
	sign languages},
  year = {2004},
  editor = {Streiter, Oliver, Vettori, Chiara},
  owner = {alinen},
  timestamp = {2013.04.16}
}

@ARTICLE{HRM12,
  author = {L. Hovet and K. Ryall and R. McDonnell and C. O'Sulllivan},
  title = {Sleight of hand: perception of finger motion from reduced marker
	sets},
  journal = {Proceedings of the ACM SIGGRAPH Symposium on Interactive 3D Graphics
	and Games},
  year = {2012},
  volume = {79-86,2},
  owner = {alinen},
  timestamp = {2013.04.15}
}

@ARTICLE{KHI12,
  author = {D. Kim and O. Hilliges and S. Iazddi and A. Butler and J. Chen and
	I. Oikonomidis and P. Oliver},
  title = {Digits: Free 3D Interactions Anywhere Using a Wrist-Worn Gloveless
	Sensor Dithered color quantization},
  journal = {ACM UIST},
  year = {2012},
  pages = {167-176},
  owner = {alinen},
  timestamp = {2013.04.15}
}

@MISC{LEA,
  author = {{Leap Motion}},
  title = {Leap Motion, Inc.: http://www.leapmotion.com/product},
  year = {2013},
  owner = {alinen},
  timestamp = {2013.04.15}
}

@ARTICLE{LK95,
  author = {J. Lee and L. Kunii},
  title = {Model-based Analysis of Hand Posture},
  journal = {IEEE CG\&A},
  year = {1995},
  volume = {15,5},
  pages = {77-86},
  owner = {alinen},
  timestamp = {2013.04.15}
}

@ARTICLE{LaGorce11ModelBased,
  author = {Martin de La Gorce , David J. Fleet , Nikos Paragios},
  title = {Model-Based 3D Hand Pose Estimation from Monocular Video},
  journal = {IEEE Transactions on Pattern Analysis and Machine Intelligence},
  year = {2011},
  volume = {33},
  pages = {1793-1805},
  owner = {alinen},
  timestamp = {2013.04.16}
}

@INPROCEEDINGS{Oikonomidis11EfficientModel,
  author = {I. Oikonomidis and N. Kyriazis and A. Argyros},
  title = {Efficient model-based 3d tracking of hand articulations using kinect},
  booktitle = {Proceedings of The 22nd British Machine Vision Conference (B-MVC)},
  year = {2011},
  owner = {alinen},
  timestamp = {2013.04.16}
}

@ARTICLE{Romero10Hands,
  author = {J. Romero and H. Kjellstrom and D. Kragic},
  title = {Hands in action: real-time 3d reconstruction of hands in interaction
	with objects},
  journal = {IEEE International Conference on Robotics and Automation (ICRA)},
  year = {2010},
  pages = {458--463},
  owner = {alinen},
  timestamp = {2013.04.16}
}

@MISC{VIC,
  author = {Vicon},
  title = {Vicon Motion Capture Systems: http://www.vicon.com/},
  year = {2013},
  owner = {alinen},
  timestamp = {2013.04.15}
}

@INPROCEEDINGS{Vogler03Handshapes,
  author = {C. Vogler and D. Metaxas},
  title = {Handshapes and movements: multiple-channel American Sign Language
	recognition},
  booktitle = {Gesture-Based Communication in Human-Computer Interaction, 5th International
	Gesture Workshop},
  year = {2003},
  editor = {A. Camurri and G. Volpe},
  owner = {alinen},
  timestamp = {2013.04.16}
}

@ARTICLE{Wang09ColorGlove,
  author = {Robert Y. Wang and Jovan Popovic},
  title = {Real-time hand-tracking with a color glove},
  journal = {ACM Transactions on Graphics (TOG)},
  year = {2009},
  volume = {28 (3)},
  owner = {alinen},
  timestamp = {2013.04.16}
}

@INPROCEEDINGS{Wu01CapturingHand,
  author = {Y. Wu and J. Lin and T. S. Huang},
  title = {Capturing natural hand articulation},
  booktitle = {Proceedings of IEEE International Conference on Computer Vision (ICCV)},
  year = {2001},
  pages = {pp. 426--432},
  owner = {alinen},
  timestamp = {2013.04.16}
}

@ARTICLE{ZCX12,
  author = {W. Zhao and J. Chai and Y. Xu},
  title = {Combining Marker-based Mocap and {RGB-D} Camera for Acquiring High-fidelity
	Hand Motion Data.},
  journal = {ACM SIGGRAPH},
  year = {2012},
  pages = {33-42},
  owner = {alinen},
  timestamp = {2013.04.15}
}

@ARTICLE{Zhou03TrackingHand,
  author = {Hanning Zhou and Thomas S. Huang},
  title = {Tracking Articulated Hand Motion with Eigen Dynamics Analysis},
  journal = {Proceedings of the Ninth IEEE International Conference on Computer
	Vision},
  year = {2003},
  volume = {13-16},
  pages = {1102},
  owner = {alinen},
  timestamp = {2013.04.16}
}

